<?xml version="1.0" encoding="UTF-8"?><collection xmlns="http://www.loc.gov/MARC21/slim"><record><leader>00495nam--2200181-i-4500</leader><controlfield tag="001">000026782</controlfield><controlfield tag="002">20161230</controlfield><controlfield tag="005">20161230201036</controlfield><controlfield tag="008">060222s1000------------r-----000-0-eng-d</controlfield><datafield ind1=" " ind2=" " tag="040"><subfield code="a">IFIN-HH</subfield></datafield><datafield ind1=" " ind2=" " tag="080"><subfield code="a">531(075)</subfield></datafield><datafield ind1="1" ind2=" " tag="100"><subfield code="a">Kleppner, Daniel</subfield></datafield><datafield ind1="1" ind2="0" tag="245"><subfield code="a">An introduction to mechanics</subfield><subfield code="c">Daniel Kleppner, Robert J. Kolenkow</subfield></datafield><datafield ind1=" " ind2=" " tag="260"><subfield code="a">New York, Mcgraw-hill Book Co., 1973,</subfield></datafield><datafield ind1=" " ind2=" " tag="300"><subfield code="a">XXII + 546P</subfield></datafield><datafield ind1="1" ind2=" " tag="700"><subfield code="a">Kolenkow, Robert J</subfield></datafield><datafield ind1=" " ind2=" " tag="852"><subfield code="a">41963</subfield><subfield code="c">531</subfield></datafield><datafield ind1=" " ind2=" " tag="CAT"><subfield code="a">Sys</subfield><subfield code="c">20100624</subfield><subfield code="h">141000</subfield></datafield></record></collection>